@book{bertot2004interactive,
  author    = {Bertot, Yves and Cast{\'e}ran, Pierre},
  publisher = {Springer-Verlag New York Incorporated},
  title     = {Interactive theorem proving and program development: Coq'Art: the calculus of inductive constructions},
  year      = 2004
}

@article{bertot2006coq,
  title        = {Coq in a {Hurry}},
  author       = {Bertot, Yves},
  journaltitle = {arXiv preprint cs/0603118},
  year         = 2006
}

@book{pierce2002types,
  author    = {Pierce, Benjamin C},
  publisher = {The MIT Press},
  title     = {Types and programming languages},
  year      = 2002
}

@article{pierce2012software,
  author       = {Pierce, Benjamin C and Chris Casinghino and Michael Greenberg and C\u{a}t\u{a}lin Hri\c{t}cu and Vilhelm Sj\"{o}berg, Brent Yorgey}
  journaltitle = {Course notes, online at http://www.cis.upenn.edu/\~{} bcpierce/sf},
  title        = {Software foundations},
  year         = 2012
}

@article{gonthier2009ssreflect,
  author = {Gonthier, Georges and Le, Roux St{\'e}phane and others},
  title  = {An {SSReflect} Tutorial},
  year   = 2009
}

@article{gonthier2008formal,
  author       = {Gonthier, Georges},
  journaltitle = {Notices of the AMS},
  number       = {11},
  pages        = {1382--1393},
  title        = {Formal proof--the four-color theorem},
  volume       = {55},
  year         = 2008
}

@online{compcert,
  author       = {National Institute for Research in Computer Science and Control},
  title        = {{CompCert} Homepage},
  howpublished = {http://compcert.inria.fr/},
  note         = {Accessed: 2013-04-23}
}
